@book{reek1997pointers,
    title={Pointers on C},
    author={Reek, Kenneth A},
    year={1997},
    publisher={Addison-Wesley Longman Publishing Co., Inc.}
}

@book{cormen2001introduction,
    title={Introduction to algorithms},
    author={Cormen, Thomas H and Leiserson, Charles E and Rivest, Ronald L and Stein, Clifford and others},
    volume={2},
    year={2001},
    publisher={MIT press Cambridge}
}

@book{yanweimin,
    title={数据结构: C 语言版},
    author={严蔚敏 and 吴伟民},
    year={1997},
    publisher={清华大学出版社有限公司}
}

@article{donald1999art,
    title={The art of computer programming},
    author={Donald, E Knuth},
    journal={Sorting and searching},
    volume={3},
    pages={426--458},
    year={1999}
}

@book{samet2011,
    title={多维与度量数据结构基础},
    author={Samet, Hanan and 周立柱},
    year={2011},
    publisher={清华大学出版社}
}

@book{wuwenhu,
    title={世界大学生程序设计竞赛 (ACM/ICPC) 高级教程: 程序设计中常用的计算思维方式. 第一册},
    author={吴文虎 and 王建德},
    year={2009},
    publisher={中国铁道出版社}
}

@book{liurujia,
    title={算法竞赛入门经典},
    author={刘汝佳},
    year={2009},
    publisher={清华大学出版社}
}

@book{pap,
    author ="Andrew Binstock and John Rex",
    year="2008",
    title="Practical Algorithms for Programmers",
    publisher ="机械工业出版社"
}

@book{rich2008automata,
    title={Automata, computability and complexity: theory and applications},
    author={Rich, Elaine},
    year={2008},
    publisher={Pearson Prentice Hall Upper Saddle River}
}

@article{Galler,
    author = {Galler, Bernard A. and Fisher, Michael J.},
    title = {An Improved Equivalence Algorithm},
    journal = {Commun. ACM},
    issue_date = {May 1964},
    volume = {7},
    number = {5},
    month = may,
    year = {1964},
    issn = {0001-0782},
    pages = {301--303},
    numpages = {3},
    url = {http://doi.acm.org/10.1145/364099.364331},
    doi = {10.1145/364099.364331},
    acmid = {364331},
    publisher = {ACM},
    address = {New York, NY, USA},
}

@book{shaffer,
    title={数据结构与算法分析: C++ 版},
    author={Shaffer, Clifford A},
    year={2002},
    publisher={电子工业出版社}
}
@article{knuth2000dancing,
  title={Dancing links},
  author={Knuth, Donald E},
  journal={arXiv preprint cs/0011047},
  year={2000}
}
